@inproceedings{beschastnikh08wikipedian,
  title={Wikipedian Self-Governance in Action: Motivating the Policy Lens.},
  author={Beschastnikh, Ivan and Kriplean, Travis and McDonald, David W},
  booktitle={ICWSM},
  year={2008}
}

@inproceedings{goggins14ocdata,
  title={OCData Hackathon \@ CSCW 2014: online communities data hackathon},
  author={Goggins, Sean and Wiggins, Andrea and Winter, Susan and Butler, Brian},
  booktitle={CSCW},
  pages={317--318},
  year={2014},
  organization={ACM}
}

@article{grimm10odd,
  title={The ODD protocol: A review and first update},
  author={Grimm, Volker and Berger, Uta and DeAngelis, Donald L and Polhill, J Gary and Giske, Jarl and Railsback, Steven F},
  journal={Ecological modelling},
  volume={221},
  number={23},
  pages={2760--2768},
  year={2010},
  publisher={Elsevier}
}

@article{kozinets02field,
  title={The field behind the screen: Using netnography for marketing research in online communities},
  author={Kozinets, Robert V},
  journal={Journal of marketing research},
  volume={39},
  number={1},
  pages={61--72},
  year={2002},
  publisher={American Marketing Association}
}

@article{ma07through,
  title={Through a glass darkly: Information technology design, identity verification, and knowledge contribution in online communities},
  author={Ma, Meng and Agarwal, Ritu},
  journal={Information systems research},
  volume={18},
  number={1},
  pages={42--67},
  year={2007},
  publisher={INFORMS}
}

@inproceedings{morgan15advancing,
  title={Advancing an Industry/Academic Partnership Model for Open Collaboration Research},
  author={Morgan, Jonathan T and Halfaker, Aaron and Taraborelli, Dario and Hwang, Tim and Goggins, Sean},
  booktitle={CSCW},
  pages={293--296},
  year={2015},
  organization={ACM}
}

@misc{morgan15advancing_report,
  title={Advancing an Industry/Academic Partnership Model for Open Collaboration Research},
  author={Morgan, Jonathan T and Halfaker, Aaron and Taraborelli, Dario and Goggins, Sean},
  howpublished={\url{https://meta.wikimedia.org/wiki/Research:Open_Collaboration_Systems_Workshop/Report}},
  year={2015},
  note={Accessed: 2015-10-10}
}


@book{preece00online,
  title={Online communities: Designing usability and supporting socialbilty},
  author={Preece, Jenny},
  year={2000},
  publisher={John Wiley \& Sons, Inc.}
}

@article{shneiderman00creating,
  title={Creating creativity: user interfaces for supporting innovation},
  author={Shneiderman, Ben},
  journal={TOCHI},
  volume={7},
  number={1},
  pages={114--138},
  year={2000},
  publisher={ACM}
}

@inproceedings{vieweg10microblogging,
  title={Microblogging during two natural hazards events: what twitter may contribute to situational awareness},
  author={Vieweg, Sarah and Hughes, Amanda L and Starbird, Kate and Palen, Leysia},
  booktitle={CHI},
  pages={1079--1088},
  year={2010},
  organization={ACM}
}

@inproceedings{wiggins14quality,
  title={Quality Hackathon: Evaluating the Products of Online Co-Production Systems},
  author={Wiggins, Andrea and Gurzick, David and Goggins, Sean and Butler, Brian},
  booktitle={GROUP},
  pages={321--323},
  year={2014},
  organization={ACM}
}

@inproceedings{zhang07expertise,
  title={Expertise networks in online communities: structure and algorithms},
  author={Zhang, Jun and Ackerman, Mark S and Adamic, Lada},
  booktitle={WWW},
  pages={221--230},
  year={2007},
  organization={ACM}
}
